<?xml version = "1.0" encoding = "UTF-8"?><OAI-PMH xmlns="http://www.openarchives.org/OAI/2.0/" xmlns:xsi="http://www.w3.org/2001/XMLSchema-instance" xsi:schemaLocation="http://www.openarchives.org/OAI/2.0/ http://www.openarchives.org/OAI/2.0/OAI-PMH.xsd"><ListRecords><record><header><identifier>aleph-publish:010992383</identifier></header><metadata><record xmlns="http://www.ddb.de/professionell/mabxml/mabxml-1.xsd"><leader>00651vM2.01200024------h</leader><controlfield tag="LDR">00651vM2.01200024------h</controlfield><controlfield tag="FMT">MH</controlfield><datafield tag="001" ind1="-" ind2="1"><subfield code="a">HT012841230</subfield></datafield><datafield tag="002" ind1="a" ind2="1"><subfield code="a">20001025</subfield></datafield><datafield tag="003" ind1="-" ind2="1"><subfield code="a">20001025</subfield></datafield><controlfield tag="030">a|1uc||||||37</controlfield><controlfield tag="050">a|||||||||||||</controlfield><controlfield tag="051">m|||||||</controlfield><datafield tag="070" ind1="-" ind2="1"><subfield code="a">HBZ/OZK</subfield></datafield><datafield tag="070" ind1="b" ind2="1"><subfield code="a">HBZ/OZK</subfield></datafield><datafield tag="080" ind1="-" ind2="1"><subfield code="a">60</subfield></datafield><datafield tag="100" ind1="b" ind2="1"><subfield code="p">Ludwig</subfield><subfield code="n">XV.</subfield><subfield code="c">Frankreich, König</subfield><subfield code="d">1710-1774</subfield><subfield code="9">(DE-588)118729438</subfield></datafield><datafield tag="101" ind1="-" ind2="1"><subfield code="p">Ludovicus</subfield><subfield code="n">XV.</subfield><subfield code="c">Frankreich, König</subfield><subfield code="d">1710-1774</subfield></datafield><datafield tag="101" ind1="-" ind2="1"><subfield code="p">Ludovicus</subfield><subfield code="n">XV.</subfield><subfield code="c">France, roi</subfield><subfield code="d">1710-1774</subfield></datafield><datafield tag="101" ind1="-" ind2="1"><subfield code="p">Ludovicus</subfield><subfield code="n">XV.</subfield><subfield code="c">Gallia, Rex</subfield><subfield code="d">1710-1774</subfield></datafield><datafield tag="101" ind1="-" ind2="1"><subfield code="p">Louis</subfield><subfield code="n">XV.</subfield><subfield code="c">Frankreich, König</subfield><subfield code="d">1710-1774</subfield></datafield><datafield tag="101" ind1="-" ind2="1"><subfield code="p">Louis</subfield><subfield code="n">XV.</subfield><subfield code="c">France, roi</subfield><subfield code="d">1710-1774</subfield></datafield><datafield tag="101" ind1="-" ind2="1"><subfield code="p">Louis</subfield><subfield code="n">XV.</subfield><subfield code="c">France, roy</subfield><subfield code="d">1710-1774</subfield></datafield><datafield tag="101" ind1="-" ind2="1"><subfield code="p">Dauphin</subfield><subfield code="d">1710-1774</subfield></datafield><datafield tag="101" ind1="-" ind2="1"><subfield code="p">Louis</subfield><subfield code="n">XV</subfield><subfield code="c">roi de France</subfield><subfield code="d">1710-1774</subfield></datafield><datafield tag="101" ind1="-" ind2="1"><subfield code="p">Louis</subfield><subfield code="n">XV</subfield><subfield code="c">King of France</subfield><subfield code="d">1710-1774</subfield></datafield><datafield tag="101" ind1="-" ind2="1"><subfield code="p">Ludwig</subfield><subfield code="n">XV.</subfield><subfield code="c">roi de France</subfield><subfield code="d">1710-1774</subfield></datafield><datafield tag="101" ind1="-" ind2="1"><subfield code="p">Ludwig</subfield><subfield code="n">XV.</subfield><subfield code="c">King of France</subfield><subfield code="d">1710-1774</subfield></datafield><datafield tag="101" ind1="-" ind2="1"><subfield code="p">Ludwig</subfield><subfield code="n">XV.</subfield><subfield code="c">König von Frankreich</subfield><subfield code="d">1710-1774</subfield></datafield><datafield tag="101" ind1="-" ind2="1"><subfield code="p">Louis</subfield><subfield code="n">XV.</subfield><subfield code="c">King of France</subfield><subfield code="d">1710-1774</subfield></datafield><datafield tag="101" ind1="-" ind2="1"><subfield code="p">Ludwig</subfield><subfield code="n">15</subfield><subfield code="c">Frankreich, König</subfield><subfield code="d">1710-1774</subfield></datafield><datafield tag="101" ind1="-" ind2="1"><subfield code="p">Louis</subfield><subfield code="n">XV.</subfield><subfield code="c">König von Frankreich</subfield><subfield code="d">1710-1774</subfield></datafield><datafield tag="101" ind1="-" ind2="1"><subfield code="p">Louis</subfield><subfield code="n">XV.</subfield><subfield code="c">roi de France</subfield><subfield code="d">1710-1774</subfield></datafield><datafield tag="101" ind1="-" ind2="1"><subfield code="p">Louis</subfield><subfield code="n">XV</subfield><subfield code="c">France, King</subfield><subfield code="d">1710-1774</subfield></datafield><datafield tag="331" ind1="-" ind2="1"><subfield code="a">Königliche Verordnung worinn eine Kriegs-Erklärung wider die Königin von Ungarn enthalten</subfield></datafield><datafield tag="335" ind1="-" ind2="1"><subfield code="a">vom 26. April 1744</subfield></datafield><datafield tag="341" ind1="-" ind2="1"><subfield code="a">Ordonnance du roy portant déclaration de guerre contre la reine de Hongrie</subfield></datafield><datafield tag="359" ind1="-" ind2="1"><subfield code="a">Louis</subfield></datafield><datafield tag="361" ind1="-" ind2="1"><subfield code="a">Erklärung des de La Noue. Franckfurth den 2. May 1744</subfield></datafield><datafield tag="410" ind1="-" ind2="1"><subfield code="a">[S.l.]</subfield></datafield><datafield tag="425" ind1="a" ind2="1"><subfield code="a">Dat. Versailles den 26. April 1744</subfield></datafield><datafield tag="433" ind1="-" ind2="1"><subfield code="a">2 Bl. ; 4-o</subfield></datafield><datafield tag="673" ind1="-" ind2="1"><subfield code="a">Versailles</subfield></datafield><datafield tag="800" ind1="-" ind2="1"><subfield code="p">La Noüe, Denis M. &lt;&lt;de&gt;&gt;</subfield></datafield><datafield tag="805" ind1="b" ind2="1"><subfield code="a">Erklärung des de La Noue. Franckfurth den 2. May 1744</subfield></datafield><controlfield tag="SYS">010992383</controlfield><datafield tag="088" ind1=" " ind2=" "><subfield code="a">52</subfield><subfield code="c">Folio 1284(2)</subfield><subfield code="e">Keine Angabe</subfield></datafield></record></metadata></record></ListRecords></OAI-PMH>